<record><leader>00000cas a22000007a 4500</leader><controlfield tag="001">20082372</controlfield><controlfield tag="008">890728d19121939gaudr ne      0    0eng d</controlfield><datafield ind1=" " ind2=" " tag="010"><subfield code="a">sn 89053729 </subfield></datafield><datafield ind1=" " ind2=" " tag="040"><subfield code="a">NLG</subfield><subfield code="b">eng</subfield><subfield code="c">NLG</subfield><subfield code="d">GUA</subfield><subfield code="d">OCLCQ</subfield><subfield code="d">OCLCF</subfield><subfield code="d">OCLCO</subfield></datafield><datafield ind1="1" ind2=" " tag="029"><subfield code="a">AU@</subfield><subfield code="b">000025476671</subfield></datafield><datafield ind1=" " ind2=" " tag="042"><subfield code="a">msc</subfield></datafield><datafield ind1=" " ind2=" " tag="043"><subfield code="a">n-us-ga</subfield></datafield><datafield ind1="0" ind2=" " tag="130"><subfield code="a">Atlanta Georgian (Atlanta, Ga. : 1912)</subfield></datafield><datafield ind1="1" ind2="0" tag="245"><subfield code="a">Atlanta Georgian.</subfield></datafield><datafield ind1="1" ind2="7" tag="246"><subfield code="a">Atlanta Georgian and news</subfield></datafield><datafield ind1="1" ind2=" " tag="246"><subfield code="i">Sunday issues published with title:</subfield><subfield code="a">Sunday American</subfield></datafield><datafield ind1=" " ind2=" " tag="260"><subfield code="a">Atlanta, Ga. :</subfield><subfield code="b">Georgian Co.,</subfield><subfield code="c">[1912-1939]</subfield></datafield><datafield ind1=" " ind2=" " tag="300"><subfield code="a">v.</subfield></datafield><datafield ind1=" " ind2=" " tag="310"><subfield code="a">Daily</subfield></datafield><datafield ind1="0" ind2=" " tag="362"><subfield code="a">Vol. 10, no. 218 (Apr. 13, 1912)-v. 38, no. 292 (Dec. 16, 1939).</subfield></datafield><datafield ind1=" " ind2=" " tag="500"><subfield code="a">On Sunday published as: Sunday American.</subfield></datafield><datafield ind1=" " ind2=" " tag="500"><subfield code="a">Published in several editions.</subfield></datafield><datafield ind1=" " ind2=" " tag="515"><subfield code="a">Sunday edition has its own numbering.</subfield></datafield><datafield ind1=" " ind2="0" tag="651"><subfield code="a">Atlanta (Ga.)</subfield><subfield code="v">Newspapers.</subfield></datafield><datafield ind1=" " ind2="0" tag="651"><subfield code="a">Fulton County (Ga.)</subfield><subfield code="v">Newspapers.</subfield></datafield><datafield ind1=" " ind2="7" tag="655"><subfield code="a">Newspapers.</subfield><subfield code="2">fast</subfield><subfield code="0">(OCoLC)fst01423814</subfield></datafield><datafield ind1=" " ind2="7" tag="651"><subfield code="a">Georgia</subfield><subfield code="z">Atlanta.</subfield><subfield code="2">fast</subfield><subfield code="0">(OCoLC)fst01204627</subfield></datafield><datafield ind1=" " ind2="7" tag="651"><subfield code="a">Georgia</subfield><subfield code="z">Fulton County.</subfield><subfield code="2">fast</subfield><subfield code="0">(OCoLC)fst01211153</subfield></datafield><datafield ind1=" " ind2=" " tag="752"><subfield code="a">United States</subfield><subfield code="b">Georgia</subfield><subfield code="c">Fulton</subfield><subfield code="d">Atlanta.</subfield></datafield><datafield ind1="0" ind2="0" tag="780"><subfield code="t">Atlanta Georgian and news</subfield><subfield code="w">(DLC)sn 89053728</subfield><subfield code="w">(OCoLC)20082387</subfield></datafield><datafield ind1="0" ind2="4" tag="785"><subfield code="t">Atlanta journal (Atlanta, Ga. : 1889)</subfield><subfield code="w">(DLC)sn 82015426</subfield><subfield code="w">(OCoLC)8807964</subfield></datafield></record>